@Article{Lamp86,
  author =       "A.B. Smith and C.D. Jones and E.F. Roberts",
  title =        "Article Title",
  journal = 	 "Journal",
  year = 	 "1920",
  volume = 	 "62",
  pages = 	 "291-294",
  month = 	 "January"
}


@ARTICLE{Yao2015453,
	author={Yao, L. and Sheng, Q.Z. and Ngu, A.H.H. and Yu, J. and Segev, A.},
	title={Unified collaborative and content-based web service recommendation},
	journal={IEEE Transactions on Services Computing},
	year={2015},
	volume={8},
	number={3},
	pages={453-466},
	doi={10.1109/TSC.2014.2355842},
	art_number={6894179},
	note={},
	url={http://www.scopus.com/inward/record.url?eid=2-s2.0-84932619562&partnerID=40&md5=4483a697e12fc53f620393586f85aebe},
	document_type={Article},
	source={Scopus},
}


@ARTICLE{Burke2002331,
	author={Burke, R.},
	title={Hybrid recommender systems: Survey and experiments},
	journal={User Modelling and User-Adapted Interaction},
	year={2002},
	volume={12},
	number={4},
	pages={331-370},
	doi={10.1023/A:1021240730564},
	note={},
	url={http://www.scopus.com/inward/record.url?eid=2-s2.0-0036959356&partnerID=40&md5=28885a102109be826507abc2435117a7},
	document_type={Article},
	source={Scopus},
}


@ARTICLE{Yoshii2008435,
	author={Yoshii, K. and Goto, M. and Komatani, K. and Ogata, T. and Okuno, H.G.},
	title={An efficient hybrid music recommender system using an incrementally trainable probabilistic generative model},
	journal={IEEE Transactions on Audio, Speech and Language Processing},
	year={2008},
	volume={16},
	number={2},
	pages={435-447},
	doi={10.1109/TASL.2007.911503},
	art_number={4432655},
	note={},
	url={http://www.scopus.com/inward/record.url?eid=2-s2.0-39649112098&partnerID=40&md5=6827f82844ae1da58a6fa95caf5092d9},
	document_type={Article},
	source={Scopus},
}


@article{Santana:Bielza:Larrañaga:Lozano:Echegoyen:Mendiburu:Armañanzas:Shakya:2009:JSSOBK:v35i07,
	author =	"Roberto Santana and Concha Bielza and Pedro Larrañaga and Jose A. Lozano and Carlos Echegoyen and Alexander Mendiburu and Rubén Armañanzas and Siddartha Shakya",
	title =	"Mateda-2.0: A MATLAB Package for the Implementation and Analysis of Estimation of Distribution Algorithms",
	journal =	"Journal of Statistical Software",
	volume =	"35",
	number =	"7",
	pages =	"1--30",
	day =  	"26",
	month =	"7",
	year = 	"2010",
	CODEN =	"JSSOBK",
	ISSN = 	"1548-7660",
	bibdate =	"2009-12-17",
	URL =  	"http://www.jstatsoft.org/v35/i07",
	accepted =	"2009-12-17",
	acknowledgement = "",
	keywords =	"",
	submitted =	"2009-04-15",
}

@ARTICLE{Liang2014781,
	author={Liang, T. and Liang, Y. and Fan, J. and Zhao, J.},
	title={A hybrid recommendation model based on estimation of distribution algorithms},
	journal={Journal of Computational Information Systems},
	year={2014},
	volume={10},
	number={2},
	pages={781-788},
	doi={10.12733/jcis9623},
	note={},
	url={http://www.scopus.com/inward/record.url?eid=2-s2.0-84892865461&partnerID=40&md5=a2927d36b493e8ef4d1cdab3055fa68b},
	document_type={Article},
	source={Scopus},
}


@article{DBLP:journals/corr/KereliukSL15,
	author    = {Corey Kereliuk and
	Bob L. Sturm and
	Jan Larsen},
	title     = {Deep Learning and Music Adversaries},
	journal   = {CoRR},
	volume    = {abs/1507.04761},
	year      = {2015},
	url       = {http://arxiv.org/abs/1507.04761},
	timestamp = {Sun, 02 Aug 2015 18:42:02 +0200},
	biburl    = {http://dblp.uni-trier.de/rec/bib/journals/corr/KereliukSL15},
	bibsource = {dblp computer science bibliography, http://dblp.org}
}


@ARTICLE{Tzanetakis2002293,
	author={Tzanetakis, G. and Cook, P.},
	title={Musical genre classification of audio signals},
	journal={IEEE Transactions on Speech and Audio Processing},
	year={2002},
	volume={10},
	number={5},
	pages={293-302},
	doi={10.1109/TSA.2002.800560},
	note={},
	url={http://www.scopus.com/inward/record.url?eid=2-s2.0-0036648502&partnerID=40&md5=72d2fee186b42c9998f13415cbb79eea},
	document_type={Article},
	source={Scopus},
}


@article{Hu2008263,
	author={Hu, Y. and Volinsky, C. and Koren, Y.},
	title={Collaborative filtering for implicit feedback datasets},
	journal={Proceedings - IEEE International Conference on Data Mining, ICDM},
	year={2008},
	pages={263-272},
	doi={10.1109/ICDM.2008.22},
	art_number={4781121},
	note={},
	url={http://www.scopus.com/inward/record.url?eid=2-s2.0-67049164166&partnerID=40&md5=01238b08208962fd0fdcc7503fa3af99},
	document_type={Conference Paper},
	source={Scopus},
}


@article{Yin2012896,
	author={Yin, H. and Cui, B. and Li, J. and Yao, J. and Chen, C.},
	title={Challenging the long tail recommendation},
	journal={Proceedings of the VLDB Endowment},
	year={2012},
	volume={5},
	number={9},
	pages={896-907},
	note={},
	url={http://www.scopus.com/inward/record.url?eid=2-s2.0-84863735354&partnerID=40&md5=2bd887772ba832fbbb4631afd25514d9},
	document_type={Article},
	source={Scopus},
}

@article{Dai20141760,
	author={Dai, C. and Qian, F. and Jiang, W. and Wang, Z. and Wu, Z.},
	title={A personalized recommendation system for netease dating site},
	journal={Proceedings of the VLDB Endowment},
	year={2014},
	volume={7},
	number={13},
	pages={1760-1765},
	note={},
	url={http://www.scopus.com/inward/record.url?eid=2-s2.0-84905828317&partnerID=40&md5=90fbd8b20ad39757895bdee3ca58f459},
	document_type={Article},
	source={Scopus},
}


